% Cita Dataset CoCaHist
@article{Sitnik2021cocahis,
 title = "A dataset and a methodology for intraoperative computer-aided diagnosis of a metastatic colon cancer in a liver",
 journal = "Biomedical Signal Processing and Control",
 volume = "66",
 pages = "102402",
 year = "2021",
 issn = "1746-8094",
 doi = "https://doi.org/10.1016/j.bspc.2020.102402",
 url = "http://www.sciencedirect.com/science/article/pii/S1746809420305085",
 author = "Dario Sitnik and Gorana Aralica and Mirko Hadžija and Marijana Popović Hadžija and Arijana Pačić and Marija Milković Periša and Luka Manojlović and Karolina Krstanac and Andrija Plavetić and Ivica Kopriva"
}

% Cita Dataset BRACS
@misc{brancati2021bracs,
      title={BRACS: A Dataset for BReAst Carcinoma Subtyping in H\&E Histology Images}, 
      author={Nadia Brancati and Anna Maria Anniciello and Pushpak Pati and Daniel Riccio and Giosuè Scognamiglio and Guillaume Jaume and Giuseppe De Pietro and Maurizio Di Bonito and Antonio Foncubierta and Gerardo Botti and Maria Gabrani and Florinda Feroce and Maria Frucci},
      year={2021},
      eprint={2111.04740},
      archivePrefix={arXiv},
      primaryClass={q-bio.QM}
}

% Citas Unitopatho
@inproceedings{Barbano_2021,
   title={Unitopatho, A Labeled Histopathological Dataset for Colorectal Polyps Classification and Adenoma Dysplasia Grading},
   url={http://dx.doi.org/10.1109/ICIP42928.2021.9506198},
   DOI={10.1109/icip42928.2021.9506198},
   booktitle={2021 IEEE International Conference on Image Processing (ICIP)},
   publisher={IEEE},
   author={Barbano, Carlo Alberto and Perlo, Daniele and Tartaglione, Enzo and Fiandrotti, Attilio and Bertero, Luca and Cassoni, Paola and Grangetto, Marco},
   year={2021},
   month=sep 
}


% Visual Transformers
@misc{visual_transformers_01,
      title={An Image is Worth 16x16 Words: Transformers for Image Recognition at Scale}, 
      author={Alexey Dosovitskiy and Lucas Beyer and Alexander Kolesnikov and Dirk Weissenborn and Xiaohua Zhai and Thomas Unterthiner and Mostafa Dehghani and Matthias Minderer and Georg Heigold and Sylvain Gelly and Jakob Uszkoreit and Neil Houlsby},
      year={2021},
      eprint={2010.11929},
      archivePrefix={arXiv},
      primaryClass={cs.CV}
}